% Encoding: UTF-8

@InProceedings{11073Antidote,
  author =    {A. F. Martins and D. F. S. Santos and A. Perkusich and H. O. Almeida},
  title =     {IEEE 11073 and connected health: Preparing personal health devices for the Internet},
  booktitle = {Consumer Electronics (ICCE), 2014 IEEE International Conference on},
  year =      {2014},
  pages =     {274-275},
  month =     {Jan},
  doi =       {10.1109/ICCE.2014.6776001},
  issn =      {2158-3994},
  keywords =  {Internet;Internet of Things;biomedical communication;health care;transport protocols;CoAP protocol;IEEE 11073 transport method;Internet of Things paradigm;IoT paradigm;PHDs;TCP;connected health vision;health information;healthcare;interoperable health IoT architecture;personal health devices;Computer architecture;IP networks;Internet;Medical services;Protocols;Sensors;Standards}
}

@InProceedings{continua,
  author =    {Benner, M. and Schope, L.},
  title =     {Using Continua Health Alliance Standards - Implementation and Experiences of IEEE 11073},
  booktitle = {Mobile Data Management (MDM), 2011 12th IEEE International Conference on},
  year =      {2011},
  volume =    {2},
  pages =     {40-45},
  month =     {June},
  doi =       {10.1109/MDM.2011.25},
  keywords =  {IEEE standards;health care;open systems;Continua Health Alliance Standards;German research project;IEEE 11073-10415 standard;WohnSelbst;interoperability;personal health system;remote patient monitoring devices;Bluetooth;Medical services;Patient monitoring;Protocols;Prototypes;Sensors;Software;ambient assisted living;continua health alliance;personal health;standard}
}

@InProceedings{hc_standards,
  author =    {T. J. St. Cyr},
  title =     {An overview of healthcare standards},
  booktitle = {Southeastcon, 2013 Proceedings of IEEE},
  year =      {2013},
  pages =     {1-5},
  month =     {April},
  doi =       {10.1109/SECON.2013.6567436},
  issn =      {1091-0050},
  keywords =  {IEEE standards;data privacy;electronic data interchange;health care;legislation;medical information systems;CPT standard;DICOM standard;EDI standard;HIPAA standard;HIS;HL7 standard;ICD-9 standard;IEEE 11073 standard;commercial transaction electronic exchange;government legislation;health information systems;healthcare standards;patient sensitive information exchange;private data;DICOM;Information systems;Interoperability;Medical services;Protocols;Standards;DICOM;EDI;HIPAA;HIS;HL7;Health Information Systems;Healthcare Standards}
}

@Standard{tanpanlan,
  title =        {H.811 TAN-PAN-LAN Interface Design Guidelines},
  organization = {Continua Health Alliance},
  institution =  {Continua},
  revision =     {Version Genome Plus Errata (CDG 2015)},
  month =        {July},
  year =         {2015}
}

@InProceedings{telehealth,
  author =    {Lakenauth, G. and Tang, S.},
  title =     {Benefits of Telehealth across different socio-economic communities},
  booktitle = {Systems, Applications and Technology Conference (LISAT), 2014 IEEE Long Island},
  year =      {2014},
  pages =     {1-6},
  month =     {May},
  doi =       {10.1109/LISAT.2014.6845197},
  keywords =  {assisted living;graphical user interfaces;medical computing;notebook computers;socio-economic effects;telemedicine;New York City Economic Development Corporation;VICS;blood pressure improvement;cellular tablets;clinical advice;data collection;health-awareness;healthcare access;healthcare cost reduction;high-income retirement communities;low-income retirement communities;medication reminders;national healthcare issue;older adult care quality improvement;oxygen saturation improvement;personalized daily questions;research grant;sign measurements;socio-economic communities;telehealth intervention;telehealth servicing company;telehealth technology;undergraduate students;vital care services;weight improvement;Biomedical monitoring;Blood;Blood pressure;Communities;Medical services;Monitoring;Pressure measurement}
}

@Article{tieto,
  author =   {Tieto},
  title =    {Tieto Corporation.},
  journal =  {Tieto Corporation MarketLine Company Profile},
  year =     {2015},
  pages =    {1 - 31},
  abstract = {Tieto Corporation (Tieto or "the company") is a Nordic information technology (IT) services provider engaged in offering full life-cycle services for both private and public sectors. The company also offers product development services in the field of communications and embedded technologies. Tieto primarily operates in Finland and Sweden. It is headquartered in Helsinki, Finland and employed 13,720 people as of December 31, 2014. [ABSTRACT FROM AUTHOR]},
  keywords = {INFORMATION technology industry, FINLAND, TIETO Corp.},
  url =      {https://login.bibproxy.kau.se:8443/login?url=http://search.ebscohost.com/login.aspx?direct=true&db=buh&AN=109290343&lang=sv&site=eds-live}
}

@Book{UNpub,
  title =     {World Population Prospects : The 2008 Revision.},
  publisher = {United Nations Publications},
  year =      {2009},
  author =    {United, Nations},
  abstract =  {'United Nations publication. Sales nos. E.10. XIII.2'--T.p. verso.},
  isbn =      {9789211514643},
  url =       {https://login.bibproxy.kau.se:8443/login?url=http://search.ebscohost.com/login.aspx?direct=true&db=nlebk&AN=450813&lang=sv&site=eds-live}
}

@Standard{wan-if,
  title =        {H.812 WAN IF Common Certified Device Class Guidelines},
  organization = {Continua Health Alliance},
  institution =  {Continua},
  revision =     {Version Genome Plus Errata (CDG 2015)},
  month =        {July},
  year =         {2015}
}

@Misc{wiki:11073,
  author = {Wikipedia},
  title =  {ISO/IEEE 11073 --- Wikipedia{,} The Free Encyclopedia},
  year =   {2015},
  note =   {[Online; accessed 26-February-2016]},
  url =    {https://en.wikipedia.org/w/index.php?title=ISO/IEEE_11073&oldid=650779827}
}
